@INPROCEEDINGS{Wood06,
author={L. B. {Wood} and H. H. {Asada}},
booktitle={2006 International Conference of the IEEE Engineering in Medicine and Biology Society},
title={Noise Cancellation Model Validation for Reduced Motion Artifact Wearable PPG Sensors Using MEMS Accelerometers},
year={2006},
pages={3525-3528},
doi={10.1109/IEMBS.2006.260359},
ISSN={1557-170X},
month={Aug},}

@ARTICLE{Wijshoff17,
author={R. W. C. G. R. {Wijshoff} and M. {Mischi} and R. M. {Aarts}},
journal={IEEE Transactions on Biomedical Engineering},
title={Reduction of Periodic Motion Artifacts in Photoplethysmography},
year={2017},
volume={64},
number={1},
pages={196-207},
doi={10.1109/TBME.2016.2553060},
ISSN={1558-2531},
month={Jan},}

@ARTICLE{Widrow75,
author={B. {Widrow} and J. R. {Glover} and J. M. {McCool} and J. {Kaunitz} and C. S. {Williams} and R. H. {Hearn} and J. R. {Zeidler} and J. {Eugene Dong} and R. C. {Goodlin}},
journal={Proceedings of the IEEE},
title={Adaptive noise cancelling: Principles and applications},
year={1975},
volume={63},
number={12},
pages={1692-1716},
doi={10.1109/PROC.1975.10036},
ISSN={1558-2256},
month={Dec},}

@INPROCEEDINGS{Kim15,
author={J. {Kim} and T. {Lee} and J. {Kim} and H. {Ko}},
booktitle={2015 37th Annual International Conference of the IEEE Engineering in Medicine and Biology Society (EMBC)},
title={Ambient light cancellation in photoplethysmogram application using alternating sampling and charge redistribution technique},
year={2015},
volume={},
number={},
pages={6441-6444},
doi={10.1109/EMBC.2015.7319867},
ISSN={1558-4615},
month={Aug},}

@article{allen02,
  title={Microvascular blood flow and skin temperature changes in the fingers following a deep inspiratory gasp},
  author={Allen, John and Frame, John R and Murray, Alan},
  journal={Physiological measurement},
  volume={23},
  number={2},
  pages={365},
  year={2002},
  publisher={IOP Publishing}
}

@article{shin16,
  title={Ambient temperature effect on pulse rate variability as an alternative to heart rate variability in young adult},
  author={Shin, Hangsik},
  journal={Journal of clinical monitoring and computing},
  volume={30},
  number={6},
  pages={939--948},
  year={2016},
  publisher={Springer}
}

